<?xml version="1.0" encoding="UTF-8"?><collection xmlns="http://www.loc.gov/MARC21/slim"><record><leader>00521nam--2200157-i-4500</leader><controlfield tag="001">000004441</controlfield><controlfield tag="002">20161230</controlfield><controlfield tag="005">20170208171050</controlfield><controlfield tag="008">060222s1000------------r-----000-0-eng-d</controlfield><datafield ind1=" " ind2=" " tag="100"><subfield code="a">Butta, Enzo</subfield></datafield><datafield ind1=" " ind2=" " tag="245"><subfield code="a">Proprieta meccaniche dinamiche di alcuni alti polimeri plastificati. pubblic.della fac.d ing di pisa, serie XVII, no.844</subfield></datafield><datafield ind1=" " ind2=" " tag="260"><subfield code="a">Pis</subfield><subfield code="c">1958</subfield></datafield><datafield ind1=" " ind2=" " tag="300"><subfield code="a">6 p., 14 Fig</subfield></datafield><datafield ind1=" " ind2=" " tag="490"><subfield code="a">Extras Din La Chimica E L Industria , Anno Xl, Maggio 1958, Pag.356</subfield></datafield><datafield ind1=" " ind2=" " tag="700"><subfield code="a">Baccaredda, M</subfield></datafield><datafield ind1=" " ind2=" " tag="CAT"><subfield code="a">SYS</subfield><subfield code="c">20170208</subfield><subfield code="h">171050</subfield></datafield></record></collection>